<record><leader>00000cas a22000007a 4500</leader><controlfield tag="001">18578882</controlfield><controlfield tag="008">881007d18841892lauwr ne      0    0eng d</controlfield><datafield ind1=" " ind2=" " tag="010"><subfield code="a">sn 88064659 </subfield></datafield><datafield ind1=" " ind2=" " tag="040"><subfield code="a">LNP</subfield><subfield code="b">eng</subfield><subfield code="c">LNP</subfield><subfield code="d">OCLCQ</subfield><subfield code="d">OCLCF</subfield><subfield code="d">OCLCO</subfield></datafield><datafield ind1="1" ind2=" " tag="029"><subfield code="a">AU@</subfield><subfield code="b">000020547531</subfield></datafield><datafield ind1=" " ind2=" " tag="042"><subfield code="a">msc</subfield></datafield><datafield ind1=" " ind2=" " tag="043"><subfield code="a">n-us-la</subfield></datafield><datafield ind1="0" ind2=" " tag="130"><subfield code="a">Weekly states (New Orleans, La.)</subfield></datafield><datafield ind1="1" ind2="0" tag="245"><subfield code="a">Weekly states.</subfield></datafield><datafield ind1=" " ind2=" " tag="260"><subfield code="a">New Orleans [La.] :</subfield><subfield code="b">Daily States Pub. Co.</subfield></datafield><datafield ind1=" " ind2=" " tag="300"><subfield code="a">v.</subfield></datafield><datafield ind1=" " ind2=" " tag="310"><subfield code="a">Weekly</subfield></datafield><datafield ind1="1" ind2=" " tag="362"><subfield code="a">Began in Feb. 1884?</subfield></datafield><datafield ind1="0" ind2=" " tag="362"><subfield code="a">-v. 13, no. 38 (Sept. 16, 1892).</subfield></datafield><datafield ind1=" " ind2=" " tag="588"><subfield code="a">Description based on: Vol. 2, no. 35 (Jan. 1, 1886).</subfield></datafield><datafield ind1=" " ind2="0" tag="651"><subfield code="a">New Orleans (La.)</subfield><subfield code="v">Newspapers.</subfield></datafield><datafield ind1=" " ind2="7" tag="655"><subfield code="a">Newspapers.</subfield><subfield code="2">fast</subfield><subfield code="0">(OCoLC)fst01423814</subfield></datafield><datafield ind1=" " ind2="7" tag="651"><subfield code="a">Louisiana</subfield><subfield code="z">New Orleans.</subfield><subfield code="2">fast</subfield><subfield code="0">(OCoLC)fst01204311</subfield></datafield><datafield ind1=" " ind2=" " tag="752"><subfield code="a">United States</subfield><subfield code="b">Louisiana</subfield><subfield code="c">Orleans</subfield><subfield code="d">New Orleans.</subfield></datafield><datafield ind1="0" ind2=" " tag="775"><subfield code="t">Daily states</subfield><subfield code="w">(DLC)sn 83016714</subfield></datafield><datafield ind1="0" ind2="0" tag="785"><subfield code="t">Semi-weekly states</subfield><subfield code="w">(DLC)sn 89059110</subfield></datafield></record>